@inproceedings{vovk_2014,
    author = {Vovk, Vladimir and Petej, Ivan},
    title = {Venn-Abers predictors},
    year = {2014},
    publisher = {AUAI Press},
    address = {Arlington, Virginia, USA},
    booktitle = {Proceedings of the Thirtieth Conference on Uncertainty in Artificial Intelligence},
    pages = {829–838},
    numpages = {10},
    location = {Quebec City, Quebec, Canada},
    series = {UAI'14}
}

@misc{sun_2021,
      title={{Distributional Robust Kelly Gambling: Optimal Strategy under Uncertainty in the Long-Run}}, 
      author={Qingyun Sun and Stephen Boyd},
      year={2021},
      eprint={1812.10371},
      archivePrefix={arXiv},
      primaryClass={math.OC},
}

@mastersthesis{bartos_2021,
    author = {Mikoláš Bartoš},
    title = {{Machine learning in combat sports}},
    school = {Czech Technical University in Prague},
    year = {2021},
    type={Bachelor's Thesis}
}